<record xmlns="http://www.loc.gov/MARC21/slim" xmlns:xsi="http://www.w3.org/2001/XMLSchema-instance" xsi:schemaLocation="http://www.loc.gov/MARC21/slim http://www.loc.gov/standards/marcxml/schema/MARC21slim.xsd"><leader>     nam a22        4500</leader><controlfield tag="001">001677146</controlfield><controlfield tag="003">NNU</controlfield><controlfield tag="006">m        d        </controlfield><controlfield tag="007">cr cn |||m|||a</controlfield><controlfield tag="008">150313s1956    ir      ob    000 0 ara d</controlfield><datafield ind1=" " ind2=" " tag="040"><subfield code="a">NNU</subfield><subfield code="b">eng</subfield><subfield code="c">NNU</subfield></datafield><datafield ind1="1" ind2=" " tag="100"><subfield code="a">&#7788;abars&#299;, al-Fa&#7693;l ibn al-&#7716;asan,</subfield><subfield code="d">d. 1153.</subfield></datafield><datafield ind1="1" ind2="0" tag="245"><subfield code="a">Mak&#257;rim al-akhl&#257;q</subfield><subfield code="h">[electronic resource] /</subfield><subfield code="c">ta&#700;l&#299;f Ra&#7693;&#299; al-D&#299;n Ab&#299; Na&#7779;r al-&#7716;asan ibn al-Fa&#7693;l al-&#7788;abars&#299; ; &#7779;a&#7717;&#7717;a&#7717;ahu wa-&#699;allaqa &#699;alayhi &#699;Al&#257;&#700; al-D&#299;n al-&#699;Alaw&#299; al-&#7788;&#257;laq&#257;n&#299;.</subfield></datafield><datafield ind1=" " ind2=" " tag="260"><subfield code="a">&#7788;ihr&#257;n :</subfield><subfield code="b">D&#257;r al-Kutub al-Isl&#257;m&#299;yah,</subfield><subfield code="c">1376 [1956 or 1957]</subfield></datafield><datafield ind1=" " ind2=" " tag="300"><subfield code="a">online resource (567 p.)</subfield></datafield><datafield ind1=" " ind2=" " tag="500"><subfield code="a">Part of the Arabic Collections Online (ACO) project, contributed by New York Univeristy Libraries.</subfield></datafield><datafield ind1=" " ind2=" " tag="504"><subfield code="a">Includes bibliographical references.</subfield></datafield><datafield ind1=" " ind2=" " tag="533"><subfield code="a">Electronic reproduction.</subfield><subfield code="b">New York, N.Y. :</subfield><subfield code="c">New York University,</subfield><subfield code="d">2015.</subfield><subfield code="5">NNU</subfield></datafield><datafield ind1=" " ind2="0" tag="650"><subfield code="a">Islamic ethics.</subfield></datafield><datafield ind1=" " ind2="0" tag="650"><subfield code="a">Religious life</subfield><subfield code="x">Islam.</subfield></datafield><datafield ind1="1" ind2=" " tag="700"><subfield code="a">&#699;Alaw&#299; al-&#7788;&#257;laq&#257;n&#299;, &#699;Al&#257;&#700; al-D&#299;n.</subfield></datafield><datafield ind1="2" ind2=" " tag="710"><subfield code="a">New York University.</subfield><subfield code="b">Libraries.</subfield></datafield><datafield ind1="0" ind2=" " tag="730"><subfield code="a">Arabic Collections Online.</subfield></datafield><datafield ind1="0" ind2="8" tag="776"><subfield code="i">Print version:</subfield><subfield code="a">&#7788;abars&#299;, al-Fa&#7693;l ibn al-&#7716;asan, d. 1153.</subfield><subfield code="t">Mak&#257;rim al-akhl&#257;q</subfield><subfield code="w">(NNU)001677146</subfield></datafield><datafield ind1="4" ind2="0" tag="856"><subfield code="u">http://hdl.handle.net/2333.1/ns1rnc54</subfield></datafield><datafield ind1=" " ind2=" " tag="959"><subfield code="a">NNU</subfield><subfield code="b">WEB</subfield><subfield code="c">GENI</subfield><subfield code="t">0</subfield><subfield code="m">Electronic access</subfield><subfield code="s">01</subfield></datafield><datafield ind1=" " ind2=" " tag="999"><subfield code="i">NNU_001677146</subfield><subfield code="s">nyu_aco000447</subfield><subfield code="e">(ERROR-880)</subfield></datafield></record>